

@article{RN2064,
	author = {Algeciras, J. A. R. and Matzarakis, A.},
	title = {Quantification of thermal bioclimate for the management of urban design in Mediterranean climate of Barcelona, Spain},
	journal = {International Journal of Biometeorology},
	volume = {60},
	number = {8},
	pages = {1261-1270},
	ISSN = {0020-7128},
	DOI = {10.1007/s00484-015-1121-8},
	url = {<Go to ISI>://WOS:000380677700014},
	year = {2016},
	type = {Journal Article}
}
@article{RN2057,
	author = {Argueso, D. and Evans, J. P. and Pitman, A. J. and Di Luca, A.},
	title = {Effects of City Expansion on Heat Stress under Climate Change Conditions},
	journal = {Plos One},
	volume = {10},
	number = {2},
	ISSN = {1932-6203},
	DOI = {10.1371/journal.pone.0117066},
	url = {<Go to ISI>://WOS:000349493000014},
	year = {2015},
	type = {Journal Article}
}
@article{RN231,
	author = {Coutts, Andrew M. and Tapper, Nigel J. and Beringer, Jason and Loughnan, Margaret and Demuzere, Matthias},
	title = {Watering our cities: The capacity for Water Sensitive Urban Design to support urban cooling and improve human thermal comfort in the Australian context},
	journal = {Progress in Physical Geography},
	volume = {37},
	number = {1},
	pages = {2-28},
	ISSN = {03091333},
	DOI = {http://dx.doi.org/10.1177/0309133312461032},
	url = {http://search.proquest.com/docview/1283306476?accountid=12528
	http://sfx.monash.edu.au:9003/monash2?url_ver=Z39.88-2004&rft_val_fmt=info:ofi/fmt:kev:mtx:journal&genre=article&sid=ProQ:ProQ%3Asocscijournals&atitle=Watering+our+cities%3A+The+capacity+for+Water+Sensitive+Urban+Design+to+support+urban+cooling+and+improve+human+thermal+comfort+in+the+Australian+context&title=Progress+in+Physical+Geography&issn=03091333&date=2013-02-01&volume=37&issue=1&spage=2&au=Coutts%2C+Andrew+M%3BTapper%2C+Nigel+J%3BBeringer%2C+Jason%3BLoughnan%2C+Margaret%3BDemuzere%2C+Matthias&isbn=&jtitle=Progress+in+Physical+Geography&btitle=&rft_id=info:eric/},
	year = {2013},
	type = {Journal Article}
}
@article{RN715,
	author = {Grimmond, C. S. B. and Oke, T. R.},
	title = {Evapotranspiration Rates in Urban Areas},
	journal = {International Association of Hydrological Sciences, Publication},
	pages = {235},
	ISSN = {0144-7815, 0144-7815},
	url = {http://search.proquest.com/docview/14525721?accountid=12528
	http://sfx.monash.edu.au:9003/monash2?url_ver=Z39.88-2004&rft_val_fmt=info:ofi/fmt:kev:mtx:journal&genre=article&sid=ProQ:ProQ%3Aenvabstractsmodule&atitle=Evapotranspiration+Rates+in+Urban+Areas&title=International+Association+of+Hydrological+Sciences%2C+Publication&issn=01447815&date=1999-01-01&volume=&issue=&spage=235&au=Grimmond%2C+CSB%3BOke%2C+T+R&isbn=&jtitle=International+Association+of+Hydrological+Sciences%2C+Publication&btitle=&rft_id=info:eric/},
	year = {1999},
	type = {Journal Article}
}
title = "Climate and More Sustainable Cities: Climate Information for Improved Planning and Management of Cities (Producers/Capabilities Perspective)",
journal = "Procedia Environmental Sciences",
volume = "1",
pages = "247 - 274",
year = "2010",
note = "World Climate Conference - 3",
issn = "1878-0296",
doi = "https://doi.org/10.1016/j.proenv.2010.09.016",
url = "http://www.sciencedirect.com/science/article/pii/S1878029610000174",
author = "C.S.B. Grimmond and M. Roth and T.R. Oke and Y.C. Au and M. Best and R. Betts and G. Carmichael and H. Cleugh and W. Dabberdt and R. Emmanuel and E. Freitas and K. Fortuniak and S. Hanna and P. Klein and L.S. Kalkstein and C.H. Liu and A. Nickson and D. Pearlmutter and D. Sailor and J. Voogt",
keywords = "Urban climate, modelling, observations, human-environment interactions, adaptation, mitigation, built environment"
}
@article{RN2062,
	author = {Höppe, P.},
	title = {The physiological equivalent temperature – a universal index for the biometeorological assessment of the thermal environment},
	journal = {International Journal of Biometeorology},
	volume = {43},
	number = {2},
	pages = {71-75},
	ISSN = {1432-1254},
	DOI = {10.1007/s004840050118},
	url = {http://dx.doi.org/10.1007/s004840050118},
	year = {1999},
	type = {Journal Article}
}
@article{RN2068,
	author = {Hwang, Ruey-Lung and Lin, Tzu-Ping and Matzarakis, Andreas},
	title = {Seasonal effects of urban street shading on long-term outdoor thermal comfort},
	journal = {Building and Environment},
	volume = {46},
	number = {4},
	pages = {863-870},
	ISSN = {0360-1323},
	DOI = {http://doi.org/10.1016/j.buildenv.2010.10.017},
	url = {http://www.sciencedirect.com/science/article/pii/S0360132310003094},
	year = {2011},
	type = {Journal Article}
}
@article{doi:10.1029/97JD01841,
author = {Kato, Seiji and Ackerman, Thomas P. and Clothiaux, Eugene E. and Mather, James H. and Mace, Gerald G. and Wesely, Marvin L. and Murcray, Frank and Michalsky, Joseph},
title = {Uncertainties in modeled and measured clear-sky surface shortwave irradiances},
journal = {Journal of Geophysical Research: Atmospheres},
volume = {102},
number = {D22},
pages = {25881-25898},
doi = {10.1029/97JD01841},
url = {https://agupubs.onlinelibrary.wiley.com/doi/abs/10.1029/97JD01841},
eprint = {https://agupubs.onlinelibrary.wiley.com/doi/pdf/10.1029/97JD01841},
year = {1997}
}

@article{ ISI:000339905000001,
Author = {Konarska, Janina and Lindberg, Fredrik and Larsson, Annika and Thorsson,
   Sofia and Holmer, Bjoern},
Title = {{Transmissivity of solar radiation through crowns of single urban
   trees-application for outdoor thermal comfort modelling}},
Journal = {{THEORETICAL AND APPLIED CLIMATOLOGY}},
Year = {{2014}},
Volume = {{117}},
Number = {{3-4}},
Pages = {{363-376}},
Month = {{AUG}},
DOI = {{10.1007/s00704-013-1000-3}},
ISSN = {{0177-798X}},
EISSN = {{1434-4483}},
ResearcherID-Numbers = {{Holmer, Bjorn/A-3494-2012
   }},
ORCID-Numbers = {{Konarska, Janina/0000-0002-3014-0851
   Lindberg, Fredrik/0000-0002-9648-4542
   Thorsson, Sofia/0000-0002-1030-7538}},
Unique-ID = {{ISI:000339905000001}},
}
@article{RN2053,
	author = {Konarska, Janina and Holmer, Björn and Lindberg, Fredrik and Thorsson, Sofia},
	title = {Influence of vegetation and building geometry on the spatial variations of air temperature and cooling rates in a high-latitude city},
	journal = {International Journal of Climatology},
	volume = {36},
	number = {5},
	pages = {2379-2395},
	ISSN = {1097-0088},
	DOI = {10.1002/joc.4502},
	url = {http://dx.doi.org/10.1002/joc.4502},
	year = {2016},
	type = {Journal Article}
}
@article{RN2050,
	author = {Lin, Tzu-Ping and Matzarakis, Andreas and Hwang, Ruey-Lung},
	title = {Shading effect on long-term outdoor thermal comfort},
	journal = {Building and Environment},
	volume = {45},
	number = {1},
	pages = {213-221},
	ISSN = {0360-1323},
	DOI = {http://doi.org/10.1016/j.buildenv.2009.06.002},
	url = {http://www.sciencedirect.com/science/article/pii/S0360132309001371},
	year = {2010},
	type = {Journal Article}
}
@article{RN577,
	author = {Loughnan, Margaret E. and Nicholls, Neville and Tapper, Nigel J.},
	title = {Demographic, seasonal, and spatial differences in acute myocardial infarction admissions to hospital in Melbourne Australia},
	journal = {International Journal of Health Geographics},
	volume = {7},
	pages = {42},
	ISSN = {1476-072X, 1476-072X},
	DOI = {http://dx.doi.org/10.1186/1476-072X-7-42},
	url = {http://search.proquest.com/docview/20229537?accountid=12528
	http://sfx.monash.edu.au:9003/monash2?url_ver=Z39.88-2004&rft_val_fmt=info:ofi/fmt:kev:mtx:journal&genre=article&sid=ProQ:ProQ%3Assamodule&atitle=Demographic%2C+seasonal%2C+and+spatial+differences+in+acute+myocardial+infarction+admissions+to+hospital+in+Melbourne+Australia&title=International+Journal+of+Health+Geographics&issn=1476072X&date=2008-01-01&volume=7&issue=&spage=42&au=Loughnan%2C+Margaret+E%3BNicholls%2C+Neville%3BTapper%2C+Nigel+J&isbn=&jtitle=International+Journal+of+Health+Geographics&btitle=&rft_id=info:eric/},
	year = {2008},
	type = {Journal Article}
}
@article{RN2041,
	author = {Loughnan, Margaret and Carroll, Matthew and Tapper, Nigel J.},
	title = {The relationship between housing and heat wave resilience in older people},
	journal = {International Journal of Biometeorology},
	volume = {59},
	number = {9},
	pages = {1291-1298},
	ISSN = {1432-1254},
	DOI = {10.1007/s00484-014-0939-9},
	url = {http://dx.doi.org/10.1007/s00484-014-0939-9},
	year = {2015},
	type = {Journal Article}
}
@article{RN1695,
	author = {Mahmood, Rezaul and Pielke Sr, Roger A. and Hubbard, Kenneth G. and Niyogi, Dev and Bonan, Gordon and Lawrence, Peter and McNider, Richard and McAlpine, Clive and Etter, Andres and Gameda, Samuel and Qian, Budong and Carleton, Andrew and Beltran-Przekurat, Adriana and Chase, Thomas and Quintanar, Arturo I. and Adegoke, Jimmy O. and Vezhapparambu, Sajith and Conner, Glen and Asefi, Salvi and Sertel, Elif and Legates, David R. and Wu, Yuling and Hale, Robert and Frauenfeld, Oliver W. and Watts, Anthony and Shepherd, Marshall and Mitra, Chandana and Anantharaj, Valentine G. and Fall, Souleymane and Lund, Robert and Trevino, Anna and Blanken, Peter and Du, Jinyang and Chang, Hsin- I. and Leeper, Ronnie and Nair, Udaysankar S. and Dobler, Scott and Deo, Ravinesh and Syktus, Jozef},
	title = {Impacts of land use/land cover change on climate and future research priorities},
	journal = {Bulletin of the American Meteorological Society},
	volume = {91},
	number = {1},
	pages = {37-46},
	ISSN = {00030007},
	DOI = {10.1175/2009BAMS2769.1},
	url = {http://dx.doi.org/10.1175/2009BAMS2769.1},
	year = {2010},
	type = {Journal Article}
}
@article{RN1706,
	author = {Mahmood, Rezaul and Pielke, Roger A. and Hubbard, Kenneth G. and Niyogi, Dev and Dirmeyer, Paul A. and McAlpine, Clive and Carleton, Andrew M. and Hale, Robert and Gameda, Samuel and Beltran-Przekurat, Adriana and Baker, Bruce and McNider, Richard and Legates, David R. and Shepherd, Marshall and Du, Jinyang and Blanken, Peter D. and Frauenfeld, Oliver W. and Nair, U. S. and Fall, Souleymane},
	title = {Land cover changes and their biogeophysical effects on climate},
	journal = {International Journal of Climatology},
	volume = {34},
	number = {4},
	pages = {929-953},
	ISSN = {0899-8418, 0899-8418},
	DOI = {http://dx.doi.org/10.1002/joc.3736},
	url = {http://search.proquest.com/docview/1520364017?accountid=12528
	http://monash-dc05.hosted.exlibrisgroup.com/openurl/MUA/MUL_SERVICES_PAGE?url_ver=Z39.88-2004&rft_val_fmt=info:ofi/fmt:kev:mtx:journal&genre=article&sid=ProQ:ProQ%3Assamodule&atitle=Land+cover+changes+and+their+biogeophysical+effects+on+climate&title=International+Journal+of+Climatology&issn=08998418&date=2014-03-01&volume=34&issue=4&spage=929&au=Mahmood%2C+Rezaul%3BPielke%2C+Roger+A%3BHubbard%2C+Kenneth+G%3BNiyogi%2C+Dev%3BDirmeyer%2C+Paul+A%3BMcAlpine%2C+Clive%3BCarleton%2C+Andrew+M%3BHale%2C+Robert%3BGameda%2C+Samuel%3BBeltran-Przekurat%2C+Adriana%3BBaker%2C+Bruce%3BMcNider%2C+Richard%3BLegates%2C+David+R%3BShepherd%2C+Marshall%3BDu%2C+Jinyang%3BBlanken%2C+Peter+D%3BFrauenfeld%2C+Oliver+W%3BNair%2C+U+S%3BFall%2C+Souleymane&isbn=&jtitle=International+Journal+of+Climatology&btitle=&rft_id=info:eric/&rft_id=info:doi/10.1002%2Fjoc.3736},
	year = {2014},
	type = {Journal Article}
}
@article{RN2044,
	author = {Matzarakis, A. and Rutz, F. and Mayer, H.},
	title = {Modelling radiation fluxes in simple and complex environments - application of the RayMan model},
	journal = {International Journal of Biometeorology},
	volume = {51},
	number = {4},
	pages = {323-334},
	ISSN = {0020-7128},
	DOI = {10.1007/s00484-006-0061-8},
	url = {<Go to ISI>://WOS:000244681400008},
	year = {2007},
	type = {Journal Article}
}
@article{RN2063,
	author = {Matzarakis, Andreas and Amelung, Bas and Thomson, Madeleine C. and Garcia, Herrera and Beniston, Martin and Garcia-Herrera, Ricardo and Thomson, Madeleine C.},
	title = {Physiological Equivalent Temperature as Indicator for Impacts of Climate Change on Thermal Comfort of Humans
	Seasonal Forecasts, Climatic Change and Human Health},
	volume = {30},
	pages = {161-172},
	ISSN = {1574-0919
	1-4020-6876-X},
	url = {http://sfx.unimelb.hosted.exlibrisgroup.com/sfxlcl41/?url_ver=Z39.88-2004&url_ctx_fmt=info%3Aofi%2Ffmt%3Akev%3Amtx%3Actx&rft_val_fmt=info%3Aofi%2Ffmt%3Akev%3Amtx%3Abook&rft.atitle=Physiological%20equivalent%20temperature%20as%20indicator%20for%20impacts%20of%20climate%20change%20on%20thermal%20comfort%20of%20humans&rft.aufirst=Andreas&rft.aulast=Matzarakis&rft.btitle=SEASONAL%20FORECASTS%2C%20CLIMATIC%20CHANGE%20AND%20HUMAN%20HEALTH&rft.date=2008&rft.epage=%2B&rft.genre=proceeding&rft.isbn=978-1-4020-6876-8&rft.issn=1574-0919&rft.pages=161-%2B&rft.place=DORDRECHT&rft.pub=SPRINGER&rft.series=Advances%20in%20Global%20Change%20Research&rft.spage=161&rft.tpages=3&rft.volume=30&rfr_id=info%3Asid%2Fwww.isinet.com%3AWoK%3AWOS&rft.au=Amelung%2C%20Bas&rft_id=info%3Adoi%2F10.1007%2F978-1-4020-6877-5_10},
	year = {2008},
	type = {Journal Article}
}
@article{RN2102,
	author = {Middel, A. and Selover, N. and Hagen, B. and Chhetri, N.},
	title = {Impact of shade on outdoor thermal comfort-a seasonal field study in Tempe, Arizona},
	journal = {International Journal of Biometeorology},
	volume = {60},
	number = {12},
	pages = {1849-1861},
	ISSN = {0020-7128},
	DOI = {10.1007/s00484-016-1172-5},
	url = {<Go to ISI>://WOS:000389352200005},
	year = {2016},
	type = {Journal Article}
}
@article{RN2016,
	author = {Oke, T. R.},
	title = {CITY SIZE AND URBAN HEAT ISLAND},
	journal = {Atmospheric Environment},
	volume = {7},
	number = {8},
	pages = {769-779},
	ISSN = {1352-2310},
	DOI = {10.1016/0004-6981(73)90140-6},
	url = {<Go to ISI>://WOS:A1973Q422800001},
	year = {1973},
	type = {Journal Article}
}
@article{RN2014,
	author = {Oke, T. R.},
	title = {THE ENERGETIC BASIS OF THE URBAN HEAT-ISLAND},
	journal = {Quarterly Journal of the Royal Meteorological Society},
	volume = {108},
	number = {455},
	pages = {1-24},
	ISSN = {0035-9009},
	DOI = {10.1002/qj.49710845502},
	url = {<Go to ISI>://WOS:A1982MZ59900001},
	year = {1982},
	type = {Journal Article}
}
@article{RN990,
	author = {Oke, T. R.},
	title = {The Urban Energy Balance},
	journal = {Progress in Physical Geography},
	volume = {12},
	number = {4},
	pages = {471},
	ISSN = {0309-1333, 0309-1333},
	url = {http://search.proquest.com/docview/14238998?accountid=12528
	http://monash-dc05.hosted.exlibrisgroup.com/openurl/MUA/MUL_SERVICES_PAGE?url_ver=Z39.88-2004&rft_val_fmt=info:ofi/fmt:kev:mtx:journal&genre=article&sid=ProQ:ProQ%3Aenvabstractsmodule&atitle=The+Urban+Energy+Balance&title=Progress+in+Physical+Geography&issn=03091333&date=1988-12-01&volume=12&issue=4&spage=471&au=Oke%2C+T+R&isbn=&jtitle=Progress+in+Physical+Geography&btitle=&rft_id=info:eric/},
	year = {1988},
	type = {Journal Article}
}
@article{RN1128,
	author = {Oke, T. R.},
	title = {THE MICROMETEOROLOGY OF THE URBAN FOREST},
	journal = {Philosophical Transactions of the Royal Society of London Series B-Biological Sciences},
	volume = {324},
	number = {1223},
	pages = {335-349},
	ISSN = {0962-8436},
	DOI = {10.1098/rstb.1989.0051},
	url = {<Go to ISI>://WOS:A1989AP05500009},
	year = {1989},
	type = {Journal Article}
}
@article{RN2087,
	author = {Pearlmutter, D. and Bitan, A. and Berliner, P.},
	title = {Microclimatic analysis of “compact” urban canyons in an arid zone},
	journal = {Atmospheric Environment},
	volume = {33},
	number = {24},
	pages = {4143-4150},
	ISSN = {1352-2310},
	DOI = {https://doi.org/10.1016/S1352-2310(99)00156-9},
	url = {http://www.sciencedirect.com/science/article/pii/S1352231099001569},
	year = {1999},
	type = {Journal Article}
}
@article{PEARLMUTTER2006783,
title = "Physical modeling of pedestrian energy exchange within the urban canopy",
journal = "Building and Environment",
volume = "41",
number = "6",
pages = "783 - 795",
year = "2006",
issn = "0360-1323",
doi = "https://doi.org/10.1016/j.buildenv.2005.03.017",
url = "http://www.sciencedirect.com/science/article/pii/S036013230500137X",
author = "D. Pearlmutter and P. Berliner and E. Shaviv",
keywords = "Urban design, Microclimate, Street canyons, Outdoor comfort, Scale models",
}
@article{PEARLMUTTER20072396,
title = "Integrated modeling of pedestrian energy exchange and thermal comfort in urban street canyons",
journal = "Building and Environment",
volume = "42",
number = "6",
pages = "2396 - 2409",
year = "2007",
issn = "0360-1323",
doi = "https://doi.org/10.1016/j.buildenv.2006.06.006",
url = "http://www.sciencedirect.com/science/article/pii/S0360132306001508",
author = "D. Pearlmutter and P. Berliner and E. Shaviv",
keywords = "Urban design, Street canyons, Microclimate, Energy exchange models, Pedestrian comfort",
}
@article{ROSS2000103,
title = "Sources of errors in measurements of PAR",
journal = "Agricultural and Forest Meteorology",
volume = "100",
number = "2",
pages = "103 - 125",
year = "2000",
issn = "0168-1923",
doi = "https://doi.org/10.1016/S0168-1923(99)00144-6",
url = "http://www.sciencedirect.com/science/article/pii/S0168192399001446",
author = "J Ross and M Sulev",
keywords = "PAR quantum sensor, Pyranometer, PAR measurement, 
}
@article{SHASHUABAR2009179,
title = "The cooling efficiency of urban landscape strategies in a hot dry climate",
journal = "Landscape and Urban Planning",
volume = "92",
number = "3",
pages = "179 - 186",
year = "2009",
issn = "0169-2046",
doi = "https://doi.org/10.1016/j.landurbplan.2009.04.005",
url = "http://www.sciencedirect.com/science/article/pii/S0169204609000723",
author = "Limor Shashua-Bar and David Pearlmutter and Evyatar Erell",
keywords = "Urban microclimate, Cooling, Efficient water use, Hot-arid regions, Shading",
}
@article{doi:10.1002/joc.2177,
author = {Shashua-Bar, Limor and Pearlmutter, David and Erell, Evyatar},
title = {The influence of trees and grass on outdoor thermal comfort in a hot-arid environment},
journal = {International Journal of Climatology},
volume = {31},
number = {10},
pages = {1498-1506},
keywords = {urban microclimate, evapotranspiration, thermal comfort, vegetation},
doi = {10.1002/joc.2177},
url = {https://rmets.onlinelibrary.wiley.com/doi/abs/10.1002/joc.2177},
eprint = {https://rmets.onlinelibrary.wiley.com/doi/pdf/10.1002/joc.2177},
year = {2011}
}

@article{RN710,
	author = {Spronken-Smith, R. A. and Oke, T. R. and Lowry, W. P.},
	title = {Advection and the surface energy balance across an irrigated urban park},
	journal = {International Journal of Climatology},
	volume = {20},
	number = {9},
	pages = {1033-1047},
	ISSN = {0899-8418, 0899-8418},
	url = {http://search.proquest.com/docview/17666768?accountid=12528
	http://sfx.monash.edu.au:9003/monash2?url_ver=Z39.88-2004&rft_val_fmt=info:ofi/fmt:kev:mtx:journal&genre=article&sid=ProQ:ProQ%3Awaterresources&atitle=Advection+and+the+surface+energy+balance+across+an+irrigated+urban+park&title=International+Journal+of+Climatology&issn=08998418&date=2000-07-01&volume=20&issue=9&spage=1033&au=Spronken-Smith%2C+R+A%3BOke%2C+T+R%3BLowry%2C+W+P&isbn=&jtitle=International+Journal+of+Climatology&btitle=&rft_id=info:eric/},
	year = {2000},
	type = {Journal Article}
}
@article{RN2073,
	author = {Thom, J. K. and Coutts, A. M. and Broadbent, A. M. and Tapper, N. J.},
	title = {The influence of increasing tree cover on mean radiant temperature across a mixed development suburb in Adelaide, Australia},
	journal = {Urban Forestry and Urban Greening},
	volume = {20},
	pages = {233-242},
	ISSN = {1618-8667},
	DOI = {10.1016/j.ufug.2016.08.016},
	url = {<Go to ISI>://WOS:000391471000026},
	year = {2016},
	type = {Journal Article}
}